@article{Li_2021,
   title={Efficient Optimization of Cutoffs in Quantum Repeater Chains},
   volume={2},
   ISSN={2689-1808},
   url={http://dx.doi.org/10.1109/TQE.2021.3099003},
   DOI={10.1109/tqe.2021.3099003},
   journal={IEEE Transactions on Quantum Engineering},
   publisher={Institute of Electrical and Electronics Engineers (IEEE)},
   author={Li, Boxi and Coopmans, Tim and Elkouss, David},
   year={2021},
   pages={1–15} }

@article{bennett1996purification,
  title={Purification of noisy entanglement and faithful teleportation via noisy channels},
  author={Bennett, Charles H and Brassard, Gilles and Popescu, Sandu and Schumacher, Benjamin and Smolin, John A and Wootters, William K},
  journal={Physical review letters},
  volume={76},
  number={5},
  pages={722},
  year={1996},
  publisher={APS}
}

@article{Kuzmin_2021,
title={Diagrammatic technique for simulation of large-scale quantum repeater networks with dissipating quantum memories},
volume={103},
ISSN={2469-9934},
url={http://dx.doi.org/10.1103/PhysRevA.103.032618},
DOI={10.1103/physreva.103.032618},
number={3},
journal={Physical Review A},
publisher={American Physical Society (APS)},
author={Kuzmin, Viacheslav V. and Vasilyev, Denis V.},
year={2021},
month=mar }

@article{Brand_2020,
   title={Efficient Computation of the Waiting Time and Fidelity in Quantum Repeater Chains},
   volume={38},
   ISSN={1558-0008},
   url={http://dx.doi.org/10.1109/JSAC.2020.2969037},
   DOI={10.1109/jsac.2020.2969037},
   number={3},
   journal={IEEE Journal on Selected Areas in Communications},
   publisher={Institute of Electrical and Electronics Engineers (IEEE)},
   author={Brand, Sebastiaan and Coopmans, Tim and Elkouss, David},
   year={2020},
   pages={619–639} 
}
